<?xml version="1.0" encoding="utf-8"?>
<record xmlns="http://www.loc.gov/MARC21/slim" xmlns:xsi="http://www.w3.org/2001/XMLSchema-instance" xsi:schemaLocation="http://www.loc.gov/MARC21/slim http://www.loc.gov/standards/marcxml/schema/MARC21slim.xsd">
	<leader>     nam a22        4500</leader>
	<controlfield tag="001">001684684</controlfield>
	<controlfield tag="003">NNU</controlfield>
	<controlfield tag="006">m        d        </controlfield>
	<controlfield tag="007">cr cn |||m|||a</controlfield>
	<controlfield tag="008">160426m19559999ua bh   ob    000 0 ara  </controlfield>
	<datafield ind1=" " ind2=" " tag="040">
		<subfield code="a">NNU</subfield>
		<subfield code="b">eng</subfield>
		<subfield code="c">NNU</subfield>
	</datafield>
	<datafield ind1=" " ind2=" " tag="043">
		<subfield code="a">ap-----</subfield>
	</datafield>
	<datafield ind1=" " ind2=" " tag="050">
		<subfield code="a">DS247.M88</subfield>
		<subfield code="b">S29</subfield>
	</datafield>
	<datafield ind1=" " ind2=" " tag="066">
		<subfield code="c">(3</subfield>
	</datafield>
	<datafield ind1=" " ind2=" " tag="090">
		<subfield code="a">DS247.M88</subfield>
		<subfield code="b">S29</subfield>
	</datafield>
	<datafield ind1="1" ind2=" " tag="110">
		<subfield code="6">880-01</subfield>
		<subfield code="a">Saudi Arabia.</subfield>
	</datafield>
	<datafield ind1="1" ind2="3" tag="245">
		<subfield code="6">880-02</subfield>
		<subfield code="a">al-Taḥkīm li-taswiyat al-nizāʻ al-iqlīmī bayna Masqaṭ wa-Abū Ẓabī wa-bayna al-Mamlakah al-ʻArabīyah al-Saʻūdīyah</subfield>
		<subfield code="h">[electronic resource] :</subfield>
		<subfield code="b">ʻarḍ Ḥukūmat al-Mamlakah al-ʻArabīyah al-Saʻūdīyah.</subfield>
	</datafield>
	<datafield ind1="3" ind2="0" tag="246">
		<subfield code="6">880-03</subfield>
		<subfield code="a">ʻArḍ Ḥukūmat al-Mamlakah al-ʻArabīyah al-Saʻūdīyah</subfield>
	</datafield>
	<datafield ind1=" " ind2=" " tag="260">
		<subfield code="6">880-04</subfield>
		<subfield code="a">[al-Qāhirah,</subfield>
		<subfield code="b">Dār al-Maʻārif]</subfield>
		<subfield code="c">1955-</subfield>
	</datafield>
	<datafield ind1=" " ind2=" " tag="300">
		<subfield code="a">online resource (v.) :</subfield>
		<subfield code="b">facsims., maps.</subfield>
	</datafield>
	<datafield ind1=" " ind2=" " tag="500">
		<subfield code="a">Vol. 2 includes 3 maps in pocket.</subfield>
	</datafield>
	<datafield ind1=" " ind2=" " tag="500">
		<subfield code="a">Part of the Arabic Collections Online (ACO) project, contributed by New York Univeristy Libraries.</subfield>
	</datafield>
	<datafield ind1=" " ind2=" " tag="504">
		<subfield code="a">Includes bibliographical references.</subfield>
	</datafield>
	<datafield ind1="1" ind2=" " tag="505">
		<subfield code="a">Mujallad 1. al-Asās -- mujallad 2. al-Malāḥiq, al-tadhyīlāt, al-kharāʼiṭ -- mujallad 3. Dafātir al-zakāh.</subfield>
	</datafield>
	<datafield ind1=" " ind2=" " tag="533">
		<subfield code="a">Electronic reproduction.</subfield>
		<subfield code="b">New York, N.Y. :</subfield>
		<subfield code="c">New York University,</subfield>
		<subfield code="d">2016.</subfield>
		<subfield code="5">NNU</subfield>
	</datafield>
	<datafield ind1=" " ind2="0" tag="651">
		<subfield code="a">Saudi Arabia</subfield>
		<subfield code="x">Boundaries</subfield>
		<subfield code="z">Oman.</subfield>
	</datafield>
	<datafield ind1=" " ind2="0" tag="651">
		<subfield code="a">Oman</subfield>
		<subfield code="x">Boundaries</subfield>
		<subfield code="z">Saudi Arabia.</subfield>
	</datafield>
	<datafield ind1=" " ind2="0" tag="651">
		<subfield code="a">Abū Ẓaby (United Arab Emirates : Emirate)</subfield>
		<subfield code="x">Boundaries</subfield>
		<subfield code="z">Saudi Arabia.</subfield>
	</datafield>
	<datafield ind1=" " ind2="0" tag="651">
		<subfield code="a">Saudi Arabia</subfield>
		<subfield code="x">Boundaries</subfield>
		<subfield code="z">United Arab Emirates</subfield>
		<subfield code="z">Abū Ẓaby (Emirate).</subfield>
	</datafield>
	<datafield ind1="2" ind2=" " tag="710">
		<subfield code="a">New York University.</subfield>
		<subfield code="b">Libraries.</subfield>
	</datafield>
	<datafield ind1="0" ind2=" " tag="730">
		<subfield code="a">Arabic Collections Online.</subfield>
	</datafield>
	<datafield ind1="0" ind2="8" tag="776">
		<subfield code="i">Print version:</subfield>
		<subfield code="a">Saudi Arabia.</subfield>
		<subfield code="t">al-Taḥkīm li-taswiyat al-nizāʻ al-iqlīmī bayna Masqaṭ wa-Abū Ẓabī wa-bayna al-Mamlakah al-ʻArabīyah al-Saʻūdīyah</subfield>
		<subfield code="w">(NNU)001684684</subfield>
		<subfield code="w">(DLC)ne 65002045</subfield>
	</datafield>
	<datafield ind1="4" ind2="0" tag="856">
		<subfield code="u">http://hdl.handle.net/2333.1/rbnzsbt3</subfield>
	</datafield>
	<datafield ind1="1" ind2=" " tag="880">
		<subfield code="6">110-01/</subfield>
		<subfield code="a">سعودية.</subfield>
	</datafield>
	<datafield ind1="1" ind2="2" tag="880">
		<subfield code="6">245-02/</subfield>
		<subfield code="a">التحكيم لتسوية النزاع الاقليمي بين مسقط وابو ظبي وبين المملكة العربية السعودية :</subfield>
		<subfield code="b">عرض حكومة المملكة العربية السعودية.</subfield>
	</datafield>
	<datafield ind1="3" ind2="0" tag="880">
		<subfield code="6">246-03/</subfield>
		<subfield code="a">عرض حكومة المملكة العربية السعودية</subfield>
	</datafield>
	<datafield ind1=" " ind2=" " tag="880">
		<subfield code="6">260-04/</subfield>
		<subfield code="a">[القاهرة :</subfield>
		<subfield code="b">دار المعارف]،</subfield>
		<subfield code="c">1955- .</subfield>
	</datafield>
	<datafield ind1=" " ind2=" " tag="959">
		<subfield code="a">NNU</subfield>
		<subfield code="b">WEB</subfield>
		<subfield code="c">GENI</subfield>
		<subfield code="t">0</subfield>
		<subfield code="m">Electronic access</subfield>
		<subfield code="s">01</subfield>
	</datafield>
	<datafield ind1=" " ind2=" " tag="999">
		<subfield code="i">NNU_001684684</subfield>
		<subfield code="s">nyu_aco001785:v.1</subfield>
		<subfield code="s">nyu_aco001786:v.2</subfield>
	</datafield>
</record>
